<?xml version="1.0" encoding="UTF-8"?><collection xmlns="http://www.loc.gov/MARC21/slim"><record><leader>00500nam--2200169-u-4500</leader><controlfield tag="001">000052196</controlfield><controlfield tag="002">20161230</controlfield><controlfield tag="005">20161230201050</controlfield><controlfield tag="008">100513s1000------------r-----000-0-rus-d</controlfield><datafield ind1=" " ind2=" " tag="040"><subfield code="a">IFIN-HH</subfield></datafield><datafield ind1=" " ind2=" " tag="041"><subfield code="a">rus</subfield></datafield><datafield ind1="1" ind2=" " tag="100"><subfield code="a">Dunin-barkovskii,I.V</subfield></datafield><datafield ind1="1" ind2="0" tag="245"><subfield code="a">Teoria beroatnostei i matematiceskaia statisika b tehniki</subfield><subfield code="c">I.v. dunin-barkovskii; n.v. smirnov</subfield></datafield><datafield ind1=" " ind2=" " tag="260"><subfield code="a">Moskva</subfield><subfield code="b">Tehniko-teoreticiskoi Literaturi</subfield><subfield code="c">1955</subfield></datafield><datafield ind1=" " ind2=" " tag="300"><subfield code="a">556 P.+ ERATA</subfield></datafield><datafield ind1=" " ind2=" " tag="852"><subfield code="a">3908</subfield><subfield code="c">519.2</subfield></datafield><datafield ind1=" " ind2=" " tag="CAT"><subfield code="a">Sys</subfield><subfield code="c">20100513</subfield><subfield code="h">143528</subfield></datafield></record></collection>